<record><leader>00000cas a22000007a 4500</leader><controlfield tag="001">12275345</controlfield><controlfield tag="008">850717d1879189uiauwr ne      0    0eng d</controlfield><datafield ind1=" " ind2=" " tag="010"><subfield code="a">sn 85050837 </subfield></datafield><datafield ind1=" " ind2=" " tag="040"><subfield code="a">INP</subfield><subfield code="b">eng</subfield><subfield code="c">INP</subfield><subfield code="d">DLC</subfield><subfield code="d">INP</subfield><subfield code="d">OCLCQ</subfield></datafield><datafield ind1=" " ind2=" " tag="042"><subfield code="a">msc</subfield></datafield><datafield ind1="0" ind2=" " tag="130"><subfield code="a">Weekly clipper (Colfax, Iowa)</subfield></datafield><datafield ind1="1" ind2="4" tag="245"><subfield code="a">The Weekly clipper.</subfield></datafield><datafield ind1="3" ind2="0" tag="246"><subfield code="a">Colfax clipper</subfield></datafield><datafield ind1="3" ind2="0" tag="246"><subfield code="a">Clipper</subfield></datafield><datafield ind1=" " ind2=" " tag="260"><subfield code="a">Colfax, Iowa :</subfield><subfield code="b">H.W. Robinson</subfield></datafield><datafield ind1=" " ind2=" " tag="300"><subfield code="a">v. :</subfield><subfield code="b">ill. ;</subfield><subfield code="c">60 cm.</subfield></datafield><datafield ind1=" " ind2=" " tag="310"><subfield code="a">Weekly</subfield></datafield><datafield ind1="1" ind2=" " tag="362"><subfield code="a">Began in June 1879.</subfield><subfield code="z">Cf. Bibl. of Iowa newspapers.</subfield></datafield><datafield ind1="1" ind2=" " tag="362"><subfield code="a">Ceased between June 4, 1897, and June 10, 1898.</subfield></datafield><datafield ind1=" " ind2=" " tag="500"><subfield code="a">Publishers: Robinson &amp; Swick, &lt;June 14, 1884&gt;-July 19, 1884; H.W. Robinson, July 26, 1884-&lt;June 4, 1897&gt;.</subfield></datafield><datafield ind1=" " ind2=" " tag="500"><subfield code="a">Sometimes published as: Colfax clipper. Cf. bibliography of Iowa newspapers.</subfield></datafield><datafield ind1=" " ind2=" " tag="500"><subfield code="a">Editors: Robinson &amp; Swick, &lt;June 14, 1884&gt;-July 19, 1884.</subfield></datafield><datafield ind1=" " ind2=" " tag="525"><subfield code="a">Includes occasional supplements.</subfield></datafield><datafield ind1=" " ind2=" " tag="588"><subfield code="a">Description based on: Vol. 2, no. 1 (June 5, 1880).</subfield></datafield><datafield ind1=" " ind2=" " tag="752"><subfield code="a">United States</subfield><subfield code="b">Iowa</subfield><subfield code="c">Jasper</subfield><subfield code="d">Colfax.</subfield></datafield><datafield ind1="0" ind2="0" tag="780"><subfield code="t">Colfax sentinel</subfield></datafield><datafield ind1="0" ind2="0" tag="785"><subfield code="t">Weekly Colfax clipper</subfield><subfield code="w">(DLC)sn 85050890</subfield></datafield><datafield ind1="1" ind2=" " tag="029"><subfield code="a">AU@</subfield><subfield code="b">000025787862</subfield></datafield></record>